<record><leader>00000cas a22000007a 4500</leader><controlfield tag="001">18065567</controlfield><controlfield tag="008">880610d19241927nduwr ne      0    0eng d</controlfield><datafield ind1=" " ind2=" " tag="010"><subfield code="a">sn 88076430 </subfield></datafield><datafield ind1=" " ind2=" " tag="040"><subfield code="a">NOP</subfield><subfield code="b">eng</subfield><subfield code="c">NOP</subfield><subfield code="d">OCLCQ</subfield></datafield><datafield ind1=" " ind2=" " tag="042"><subfield code="a">msc</subfield></datafield><datafield ind1="0" ind2="0" tag="245"><subfield code="a">Western Cavalier County independent.</subfield></datafield><datafield ind1=" " ind2=" " tag="260"><subfield code="a">Calvin, N.D. :</subfield><subfield code="b">Glenn D. Arnold</subfield></datafield><datafield ind1=" " ind2=" " tag="300"><subfield code="a">3 v. :</subfield><subfield code="b">ill. ;</subfield><subfield code="c">55 cm.</subfield></datafield><datafield ind1=" " ind2=" " tag="310"><subfield code="a">Weekly</subfield></datafield><datafield ind1="0" ind2=" " tag="362"><subfield code="a">Vol. 1, no. 1 (Sept. 11, 1924)-v. 3, no. 51 (Aug. 25, 1927).</subfield></datafield><datafield ind1=" " ind2=" " tag="530"><subfield code="a">Available on microfilm from the State Historical Society of North Dakota.</subfield></datafield><datafield ind1=" " ind2=" " tag="752"><subfield code="a">United States</subfield><subfield code="b">North Dakota</subfield><subfield code="c">Cavalier</subfield><subfield code="d">Calvin.</subfield></datafield><datafield ind1="0" ind2="0" tag="780"><subfield code="t">Calvin times</subfield><subfield code="w">(DLC)sn 88076429</subfield></datafield><datafield ind1="0" ind2="7" tag="785"><subfield code="t">Sarles advocate</subfield><subfield code="w">(DLC)sn 88076443</subfield></datafield><datafield ind1="0" ind2="7" tag="785"><subfield code="t">Western Cavalier County advocate</subfield><subfield code="w">(DLC)sn 88076444</subfield></datafield></record>